%% This BibTeX bibliography file was created using BibDesk.
%% http://bibdesk.sourceforge.net/

%% Created for Jérôme Landtwing at 2016-08-05 01:06:43 +0200 


%% Saved with string encoding Unicode (UTF-8) 


@comment{jabref-meta: databaseType:bibtex;}



@misc{meyer,
	Annote = {lastchecked = {2016-08-04}},
	Author = {Meyer, Ruth},
	Date-Modified = {2016-08-04 23:06:41 +0000},
	Journal = {AITUS: 5-Phasen Unterrichtsaufbau},
	Publisher = {Airbowis},
	Read = {1},
	Title = {AITUS: Die f{\"u}nf Phasen im {\"U}berblick},
	Url = {http://arbowis.ch/index.php/67-2014/erwachsenenbildung/unterrichtsplanung/phasenmodelle/42-aitus-5-phasen-unterrichtsaufbau},
	Year = {2015},
	Bdsk-Url-1 = {http://arbowis.ch/images/downloads/didaktik/aitus.pdf}}

@book{mittring2015,
	Author = {Mittring, Gert},
	Date-Added = {2016-08-03 09:49:49 +0000},
	Date-Modified = {2016-08-03 09:50:48 +0000},
	Place = {Frankfurt am Main},
	Publisher = {Fischer},
	Title = {Von Pi nach Pisa: mit Zahlen die ganze Welt verstehen - Neues vom Rechenweltmeister},
	Year = {2015}}

@book{landwehr1997,
	Author = {Landwehr, Norbert},
	Date-Added = {2016-08-03 09:47:37 +0000},
	Date-Modified = {2016-08-03 09:48:15 +0000},
	Edition = {3. Aufl},
	Place = {Aarau},
	Publisher = {Verlag f{\"u}r Berufsbildung, Sauerl{\"a}nder},
	Title = {Neue Wege der Wissensvermittlung: ein praxisorientiertes Handbuch f{\"u}r Lehrpersonen im Bereich der Sekundarstufen I und II (Berufsschulen, Gymnasien) sowie in der Lehrer- und Erwachsenenbildung},
	Year = {1997}}

@book{mittring2013,
	Address = {Frankfurt am Main},
	Author = {Mittring, Gert},
	Date-Added = {2016-08-03 09:28:04 +0000},
	Date-Modified = {2016-08-04 22:28:06 +0000},
	Isbn = {978-3-596-18936-6},
	Month = {August},
	Publisher = {S. Fischer Verlag},
	Title = {Fit im Kopf mit Rechenweltmeister Dr. Dr. Mittring - Ged{\"a}chtnistraining f{\"u}r jeden Tag von Kaffeekochen bis Sch{\"a}fchenz{\"a}hlen},
	Year = {2013}}

@book{mittring2011,
	Address = {Frankfurt am Main},
	Author = {Mittring, Gert},
	Date-Added = {2016-08-03 09:26:02 +0000},
	Date-Modified = {2016-08-04 22:27:59 +0000},
	Isbn = {978-3-596-51283-6},
	Month = {August},
	Publisher = {S. Fischer Verlag},
	Title = {Rechnen mit dem Weltmeister - Mathematik und Ged{\"a}chtnistraining f{\"u}r den Alltag},
	Year = {2011}}

@book{dambeck2013,
	Address = {K{\"o}ln},
	Author = {Dambeck, Holger},
	Date-Added = {2016-08-03 09:24:08 +0000},
	Date-Modified = {2016-08-04 22:28:16 +0000},
	Edition = {1. Aufl.},
	Isbn = {978-3-462-04511-6},
	Publisher = {Kiepenheuer \& Witsch},
	Title = {Nullen machen Einsen gro{\ss} - Mathe-Tricks f{\"u}r alle Lebenslagen},
	Year = {2013}}

@book{dambeck2012,
	Address = {K{\"o}ln},
	Author = {Dambeck, Holger},
	Date-Added = {2016-08-03 09:20:13 +0000},
	Date-Modified = {2016-08-04 22:28:23 +0000},
	Edition = {5. Aufl.},
	Isbn = {978-3-462-04366-2},
	Publisher = {Kiepenheuer \& Witsch},
	Title = {Je mehr L{\"o}cher, desto weniger K{\"a}se - Mathematik verbl{\"u}ffend einfach},
	Year = {2012}}
